<?xml version="1.0" encoding="UTF-8"?>
<collection xmlns:xsi="http://www.w3.org/2001/XMLSchema-instance" xsi:schemaLocation="http://www.loc.gov/MARC21/slim http://www.loc.gov/standards/marcxml/schema/MARC21slim.xsd" xmlns="http://www.loc.gov/MARC21/slim">
<record>
  <leader>01074cam a2200301Ma 4500</leader>
  <controlfield tag="001">3058920</controlfield>
  <controlfield tag="003">NNC</controlfield>
  <controlfield tag="005">20090421181235.0</controlfield>
  <controlfield tag="008">921103s1947    ua acf   b    001 0 araod</controlfield>
  <datafield tag="010" ind1=" " ind2=" ">
    <subfield code="a">ne 68002904 </subfield>
  </datafield>
  <datafield tag="035" ind1=" " ind2=" ">
    <subfield code="a">(OCoLC)ocm27659366</subfield>
  </datafield>
  <datafield tag="035" ind1=" " ind2=" ">
    <subfield code="9">ATM7527CU</subfield>
  </datafield>
  <datafield tag="035" ind1=" " ind2=" ">
    <subfield code="a">(NNC)3058920</subfield>
  </datafield>
  <datafield tag="040" ind1=" " ind2=" ">
    <subfield code="a">DRB</subfield>
    <subfield code="c">DRB</subfield>
    <subfield code="d">ZCU</subfield>
  </datafield>
  <datafield tag="050" ind1="0" ind2=" ">
    <subfield code="a">BP195.M6</subfield>
    <subfield code="b">J37</subfield>
  </datafield>
  <datafield tag="099" ind1=" " ind2=" ">
    <subfield code="a">893.796</subfield>
    <subfield code="a">J28</subfield>
  </datafield>
  <datafield tag="100" ind1="1" ind2=" ">
    <subfield code="a">Jār Allāh, Zuhdī.</subfield>
  </datafield>
  <datafield tag="245" ind1="1" ind2="3">
    <subfield code="a">al-Muʻtazilah :</subfield>
    <subfield code="b">risālah tabḥath fī tākīkh al-Muʻtazilah wa-ʻagāʻiduhum wa-atharuhum fī taṭawur al-fikr al-islāmī /</subfield>
    <subfield code="c">taʾlif Zuhdī Jār Allāh.</subfield>
  </datafield>
  <datafield tag="250" ind1=" " ind2=" ">
    <subfield code="a">al-Ṭabʻah 1.</subfield>
  </datafield>
  <datafield tag="260" ind1=" " ind2=" ">
    <subfield code="a">al-Qāhirah :</subfield>
    <subfield code="b">Maṭbaʻat Miṣr Shirkat Musāhamat Miṣrīyat,</subfield>
    <subfield code="c">1947.</subfield>
  </datafield>
  <datafield tag="300" ind1=" " ind2=" ">
    <subfield code="a">3-12, 292 p., [1] leaf of plates :</subfield>
    <subfield code="b">port. ;</subfield>
    <subfield code="c">25 cm.</subfield>
  </datafield>
  <datafield tag="490" ind1="1" ind2=" ">
    <subfield code="a">Manshūrāt al-Nādī al-ʻArabī fī Yāfā</subfield>
  </datafield>
  <datafield tag="504" ind1=" " ind2=" ">
    <subfield code="a">Bibliography: p. 269-277.</subfield>
  </datafield>
  <datafield tag="500" ind1=" " ind2=" ">
    <subfield code="a">Includes index.</subfield>
  </datafield>
  <datafield tag="650" ind1=" " ind2="0">
    <subfield code="a">Motazilites.</subfield>
  </datafield>
  <datafield tag="650" ind1=" " ind2="0">
    <subfield code="a">Islamic sects.</subfield>
  </datafield>
  <datafield tag="830" ind1=" " ind2="0">
    <subfield code="a">Manshūrāt al-Nādī al-ʻArabī fī Yāfā.</subfield>
  </datafield>
  <datafield tag="955" ind1=" " ind2=" ">
    <subfield code="b">CU58836772</subfield>
    <subfield code="d">off,glx</subfield>
    <subfield code="e">893.796 J28</subfield>
  </datafield>
</record>
</collection>